@article{meseguer1992conditional,
  title={Conditional rewriting logic as a unified model of concurrency},
  author={Meseguer, Jos{\'e}},
  journal={Theoretical computer science},
  volume={96},
  number={1},
  pages={73--155},
  year={1992},
  publisher={Elsevier}
}

@article{meseguer2012twenty,
  title={Twenty years of rewriting logic},
  author={Meseguer, Jos{\'e}},
  journal={The Journal of Logic and Algebraic Programming},
  volume={81},
  number={7-8},
  pages={721--781},
  year={2012},
  publisher={Elsevier}
}

@article{clavel2020maude,
  title={Maude Manual (Version 3.1)},
  author={Clavel, Manuel and Dur{\'a}n, Francisco and Eker, Steven and Escobar, Santiago and Lincoln, Patrick and Mart{\i}-Oliet, Narciso and Meseguer, Jos{\'e} and Rubio, Rub{\'e}n and Talcott, Carolyn},
  journal={SRI International},
  year={2020}
}

@inproceedings{grov2014increasing,
  title={Increasing consistency in multi-site data stores: Megastore-CGC and its formal analysis},
  author={Grov, Jon and {\"O}lveczky, Peter Csaba},
  booktitle={International Conference on Software Engineering and Formal Methods},
  pages={159--174},
  year={2014},
  organization={Springer}
}